<?xml version="1.0" encoding="UTF-8"?><record xmlns="http://www.loc.gov/MARC21/slim" xmlns:cinclude="http://apache.org/cocoon/include/1.0" xmlns:zs="http://www.loc.gov/zing/srw/">
  <leader>00680cz  a2200181n  4500</leader>
  <controlfield tag="001">n  83212103 </controlfield>
  <controlfield tag="003">DLC</controlfield>
  <controlfield tag="005">20130316082136.0</controlfield>
  <controlfield tag="008">830916n| azannaabn          |a aaa     c</controlfield>
  <datafield tag="010" ind1=" " ind2=" ">
    <subfield code="a">n  83212103 </subfield>
  </datafield>
  <datafield tag="035" ind1=" " ind2=" ">
    <subfield code="a">(OCoLC)oca01021353</subfield>
  </datafield>
  <datafield tag="040" ind1=" " ind2=" ">
    <subfield code="a">InU</subfield>
    <subfield code="b">eng</subfield>
    <subfield code="e">rda</subfield>
    <subfield code="c">DLC</subfield>
    <subfield code="d">OCoLC</subfield>
    <subfield code="d">DLC</subfield>
  </datafield>
  <datafield tag="046" ind1=" " ind2=" ">
    <subfield code="s">1803</subfield>
    <subfield code="t">1804</subfield>
  </datafield>
  <datafield tag="100" ind1="1" ind2=" ">
    <subfield code="a">Goldsmith, Mary,</subfield>
    <subfield code="d">active 1803-1804</subfield>
  </datafield>
  <datafield tag="400" ind1="1" ind2=" ">
    <subfield code="w">nnea</subfield>
    <subfield code="a">Goldsmith, Mary,</subfield>
    <subfield code="d">fl. 1803-1804</subfield>
  </datafield>
  <datafield tag="670" ind1=" " ind2=" ">
    <subfield code="a">Her She lives, 1800</subfield>
    <subfield code="b">(name not given)</subfield>
  </datafield>
  <datafield tag="670" ind1=" " ind2=" ">
    <subfield code="a">Catalogue of the Larpent plays: 1284</subfield>
    <subfield code="b">(Mary Goldsmith, author of She lives, first performed in Feb. 1803)</subfield>
  </datafield>
  <datafield tag="670" ind1=" " ind2=" ">
    <subfield code="a">Wearing, J.P. Amer. &amp; Brit. theatrical biog., 1979</subfield>
    <subfield code="b">(Goldsmith, Mary, fl. 1803-1804, dramatist)</subfield>
  </datafield>
</record>